<?xml version="1.0" encoding="UTF-8"?><collection xmlns="http://www.loc.gov/MARC21/slim"><record><leader>00561nam--2200193-i-4500</leader><controlfield tag="001">000034306</controlfield><controlfield tag="002">20161230</controlfield><controlfield tag="005">20161230201040</controlfield><controlfield tag="008">060222s1000------------r-----000-0-rum-d</controlfield><datafield ind1=" " ind2=" " tag="040"><subfield code="a">IFIN-HH</subfield></datafield><datafield ind1=" " ind2=" " tag="041"><subfield code="a">rum</subfield></datafield><datafield ind1=" " ind2=" " tag="080"><subfield code="a">539.1.074</subfield></datafield><datafield ind1="1" ind2=" " tag="100"><subfield code="a">Munteanu, Giuseppe</subfield></datafield><datafield ind1="1" ind2="0" tag="245"><subfield code="a">Contributii la detectia surselor gamma cilindrice omogene in conducte</subfield><subfield code="b">Teza</subfield><subfield code="c">Giuseppe munteanu</subfield></datafield><datafield ind1=" " ind2=" " tag="260"><subfield code="a">/F.Loc.</subfield><subfield code="b">/F.Ed.</subfield><subfield code="c">1970</subfield></datafield><datafield ind1=" " ind2=" " tag="300"><subfield code="a">133P</subfield></datafield><datafield ind1=" " ind2=" " tag="502"><subfield code="a">Conductor Stiintific: Acad.Prof.De.Docent Horia Hulubei</subfield></datafield><datafield ind1=" " ind2=" " tag="852"><subfield code="a">44635</subfield><subfield code="c">H.H</subfield></datafield><datafield ind1=" " ind2=" " tag="CAT"><subfield code="a">Sys</subfield><subfield code="c">20130416</subfield><subfield code="h">143630</subfield></datafield></record></collection>